<record><leader>00000cas a22000007a 4500</leader><controlfield tag="001">11185176</controlfield><controlfield tag="008">840922c19189999ohuwr ne      0    0eng d</controlfield><datafield ind1=" " ind2=" " tag="010"><subfield code="a">sn 84028568 </subfield></datafield><datafield ind1=" " ind2=" " tag="040"><subfield code="a">NPY</subfield><subfield code="b">eng</subfield><subfield code="c">NPY</subfield><subfield code="d">ONP</subfield><subfield code="d">IUL</subfield><subfield code="d">OCLCQ</subfield><subfield code="d">OCLCF</subfield></datafield><datafield ind1="1" ind2=" " tag="029"><subfield code="a">AU@</subfield><subfield code="b">000025796390</subfield></datafield><datafield ind1=" " ind2=" " tag="042"><subfield code="a">msc</subfield></datafield><datafield ind1=" " ind2=" " tag="043"><subfield code="a">n-us-oh</subfield></datafield><datafield ind1="0" ind2=" " tag="130"><subfield code="a">Register-herald (Eaton, Ohio)</subfield></datafield><datafield ind1="1" ind2="4" tag="245"><subfield code="a">The Register-herald.</subfield></datafield><datafield ind1=" " ind2=" " tag="260"><subfield code="a">Eaton, Ohio :</subfield><subfield code="b">Register-Herald Co.,</subfield><subfield code="c">1918-</subfield></datafield><datafield ind1=" " ind2=" " tag="300"><subfield code="a">v. :</subfield><subfield code="b">ill. ;</subfield><subfield code="c">58 cm.</subfield></datafield><datafield ind1=" " ind2=" " tag="310"><subfield code="a">Weekly</subfield></datafield><datafield ind1="0" ind2=" " tag="362"><subfield code="a">Vol. 98, no. 10 (Mar. 6, 1918)-</subfield></datafield><datafield ind1=" " ind2=" " tag="500"><subfield code="a">Publisher varies. Cf. Ayer.</subfield></datafield><datafield ind1=" " ind2=" " tag="500"><subfield code="a">"Republican." Cf. Gutgesell, S. Guide to Ohio newspapers, 1974.</subfield></datafield><datafield ind1=" " ind2=" " tag="525"><subfield code="a">Supplements accompany some issues.</subfield></datafield><datafield ind1=" " ind2=" " tag="530"><subfield code="a">Also issued in an online version.</subfield></datafield><datafield ind1=" " ind2=" " tag="580"><subfield code="a">Formed by the union of: Eaton register (Eaton, Ohio : 1891) and Eaton herald (Eaton, Ohio). Absorbed: the Twin Valley echo, Sept. 1933.</subfield></datafield><datafield ind1=" " ind2=" " tag="588"><subfield code="a">Latest issue consulted: Vol. 187, no. 71 (Sept. 5, 2007).</subfield></datafield><datafield ind1=" " ind2="0" tag="651"><subfield code="a">Eaton (Preble County, Ohio)</subfield><subfield code="v">Newspapers.</subfield></datafield><datafield ind1=" " ind2="0" tag="651"><subfield code="a">Preble County (Ohio)</subfield><subfield code="v">Newspapers.</subfield></datafield><datafield ind1=" " ind2="7" tag="655"><subfield code="a">Newspapers.</subfield><subfield code="2">fast</subfield><subfield code="0">(OCoLC)fst01423814</subfield></datafield><datafield ind1=" " ind2="7" tag="651"><subfield code="a">Ohio</subfield><subfield code="z">Eaton (Preble County)</subfield><subfield code="2">fast</subfield><subfield code="0">(OCoLC)fst01313173</subfield></datafield><datafield ind1=" " ind2="7" tag="651"><subfield code="a">Ohio</subfield><subfield code="z">Preble County.</subfield><subfield code="2">fast</subfield><subfield code="0">(OCoLC)fst01210088</subfield></datafield><datafield ind1=" " ind2=" " tag="752"><subfield code="a">United States</subfield><subfield code="b">Ohio</subfield><subfield code="c">Preble</subfield><subfield code="d">Eaton.</subfield></datafield><datafield ind1="0" ind2=" " tag="775"><subfield code="t">Daily register-herald</subfield><subfield code="w">(DLC)sn 88077282</subfield></datafield><datafield ind1="1" ind2="4" tag="780"><subfield code="t">Eaton register (Eaton, Ohio : 1891)</subfield><subfield code="w">(DLC)sn 88077280</subfield></datafield><datafield ind1="1" ind2="4" tag="780"><subfield code="t">Eaton herald (Eaton, Ohio)</subfield><subfield code="w">(DLC)sn 88077281</subfield></datafield><datafield ind1="1" ind2="5" tag="780"><subfield code="t">Twin Valley echo</subfield><subfield code="w">(DLC)sn 88077263</subfield></datafield><datafield ind1="4" ind2="1" tag="856"><subfield code="u">http://www.registerherald.com/</subfield></datafield></record>